@inproceedings{tatti2014faster,
  title={Faster way to agony: Discovering hierarchies in directed graphs},
  author={Tatti, Nikolaj},
  booktitle={Machine Learning and Knowledge Discovery in Databases: European Conference, ECML PKDD 2014, Nancy, France, September 15-19, 2014. Proceedings, Part III 14},
  pages={163--178},
  year={2014},
  organization={Springer}
}

@misc{wikipediaGraphTheory,
  author       = {{Wikipedia contributors}},
  title        = {Graph Theory --- Wikipedia{,} The Free Encyclopedia},
  howpublished = {\url{https://en.wikipedia.org/wiki/Graph_theory}},
}

@misc{wikipediaPricesModel,
  author       = {{Wikipedia contributors}},
  title        = {Price's Model --- Wikipedia{,} The Free Encyclopedia},
  howpublished = {\url{https://en.wikipedia.org/wiki/Price%27s_model}}},
}